@book{paim,
	title = {Gestão de Processos: Pensar, Agir e Aprender},
	author = {Rafael Paim and Rafael Clemente and Vinicius Cardoso and Heitor Mansur Caulliraux},
	isbn = {9788577804849},
  	url = {http://books.google.com.br/books?id=frD3cdV\_Z6AC},
  	publisher = {Bookman Companhia Editorial},
  	year = 2009
}

@misc{moa,
	Author = {Matheus Oliveira and Pedro Tomioka},
	Title = {Análise do MOA (Modelo de Avaliação) - CHAMEX},
	Publisher = {Trabalho entregue na Disciplina de Modelagem de Processos},
	Year = 2014
}